<record><leader>00000cas a22000007a 4500</leader><controlfield tag="001">18884118</controlfield><controlfield tag="008">881210d18801883iauwr ne      0    0eng d</controlfield><datafield ind1=" " ind2=" " tag="010"><subfield code="a">sn 88060213 </subfield></datafield><datafield ind1=" " ind2=" " tag="040"><subfield code="a">INP</subfield><subfield code="b">eng</subfield><subfield code="c">INP</subfield><subfield code="d">OCLCQ</subfield></datafield><datafield ind1=" " ind2=" " tag="042"><subfield code="a">msc</subfield></datafield><datafield ind1="0" ind2=" " tag="130"><subfield code="a">Herald (Davenport, Iowa)</subfield></datafield><datafield ind1="1" ind2="4" tag="245"><subfield code="a">The herald.</subfield></datafield><datafield ind1=" " ind2=" " tag="260"><subfield code="a">Davenport, Iowa :</subfield><subfield code="b">[C.H. Eldridge]</subfield></datafield><datafield ind1=" " ind2=" " tag="300"><subfield code="a">v.</subfield></datafield><datafield ind1=" " ind2=" " tag="310"><subfield code="a">Weekly</subfield></datafield><datafield ind1="1" ind2=" " tag="362"><subfield code="a">Issued 1880-1883.</subfield></datafield><datafield ind1=" " ind2=" " tag="500"><subfield code="a">Publisher varies.</subfield></datafield><datafield ind1=" " ind2=" " tag="588"><subfield code="a">Description based on: Vol. 4, no. 1 (Mar. 9, 1883).</subfield></datafield><datafield ind1=" " ind2=" " tag="752"><subfield code="a">United States</subfield><subfield code="b">Iowa</subfield><subfield code="c">Scott</subfield><subfield code="d">Davenport.</subfield></datafield><datafield ind1="0" ind2="0" tag="785"><subfield code="t">Davenport herald</subfield><subfield code="w">(DLC)sn 88060214</subfield></datafield></record>